@Book{xie2015,
  title = {Dynamic Documents with {R} and knitr},
  author = {Yihui Xie},
  publisher = {Chapman and Hall/CRC},
  address = {Boca Raton, Florida},
  year = {2015},
  edition = {2nd},
  note = {ISBN 978-1498716963},
  url = {http://yihui.name/knitr/},
}


@article{stenseth_population_1997,
  title = {Population Regulation in Snowshoe Hare and {{Canadian}} Lynx: {{Asymmetric}} Food Web Configurations between Hare and Lynx},
  shorttitle = {Population Regulation in Snowshoe Hare and {{Canadian}} Lynx},
  author = {Stenseth, Nils Chr and Falck, Wilhelm and Bj{\o}rnstad, Ottar N. and Krebs, Charles J.},
  year = {1997},
  month = may,
  journal = {Proceedings of the National Academy of Sciences},
  volume = {94},
  number = {10},
  pages = {5147--5152},
  publisher = {{National Academy of Sciences}},
  issn = {0027-8424, 1091-6490},
  doi = {10.1073/pnas.94.10.5147},
  chapter = {Biological Sciences},
  copyright = {Copyright \textcopyright{} 1997, The National Academy of Sciences of the USA},
  language = {en},
  pmid = {9144205}
}


@book{logan_mathematical_2009,
  title = {Mathematical {{Methods}} in {{Biology}}},
  author = {Logan, J. David and Wolesensky, William},
  year = {2009},
  month = aug,
  edition = {1 edition},
  publisher = Wiley,
  address = {{Hoboken, N.J}},
  isbn = {978-0-470-52587-6},
  language = {English}
}

@book{thornley_plant_1990,
  title = {Plant and {{Crop Modelling}}: {{A Mathematical Approach}} to {{Plant}} and {{Crop Physiology}}},
  author = {Thornley, John H M and Johnson, Ian R},
  year = {1990},
  publisher = {{Oxford Science Publications}}
}


@article{gause_experimental_1932,
  title = {Experimental {{Studies}} on the {{Struggle}} for {{Existence}}: {{I}}. {{Mixed Population}} of {{Two Species}} of {{Yeast}}},
  shorttitle = {Experimental {{Studies}} on the {{Struggle}} for {{Existence}}},
  author = {Gause, G. F.},
  year = {1932},
  month = oct,
  journal = {Journal of Experimental Biology},
  volume = {9},
  number = {4},
  pages = {389--402},
  issn = {0022-0949, 1477-9145},
  copyright = {Copyright \textcopyright{} 1932 The Company of Biologists Ltd.},
  language = {en}
}


@book{berg_mathematical_2011,
  title = {Mathematical {{Models}} of {{Biological Systems}}},
  author = {van den Berg, Hugo},
  year = {2011},
  month = jan,
  edition = {Illustrated edition},
  publisher = {{Oxford University Press}},
  address = {{Oxford ; New York}},
  isbn = {978-0-19-958218-1},
  language = {English}
}



@article{scholz_first-order_2014,
  title = {First-Order Differential Equations in Chemistry},
  author = {Scholz, Gudrun and Scholz, Fritz},
  year = {2014},
  month = nov,
  journal = ChemTexts,
  volume = {1},
  number = {1},
  pages = {1},
  issn = {2199-3793},
  doi = {10.1007/s40828-014-0001-x},
  language = {en}
}


@book{burnham_model_2002,
  title = {Model {{Selection}} and {{Multimodel Inference}}},
  editor = {Burnham, Kenneth P. and Anderson, David R.},
  year = {2002},
  publisher = {{Springer New York}},
  address = {{New York, NY}},
  isbn = {978-0-387-95364-9}
}


@book{devore_modern_2021,
  title = {Modern {{Mathematical Statistics}} with {{Applications}}},
  author = {Devore, Jay L. and Berk, Kenneth N. and Carlton, Matthew A.},
  year = {2021},
  series = {Springer {{Texts}} in {{Statistics}}},
  edition = {Third},
  publisher = {{Springer International Publishing}},
  doi = {10.1007/978-3-030-55156-8},
  isbn = {978-3-030-55155-1},
  language = {en}
}




@article{akaike_new_1974,
  title = {A New Look at the Statistical Model Identification},
  author = {Akaike, Hirotugu},
  year = {1974},
  journal = {IEEE Transactions on Automatic Control},
  volume = {19},
  number = {6},
  pages = {716--723},
  doi = {10.1109/TAC.1974.1100705}
}

@article{schwartz_estimating_1978,
  title = {Estimating the Dimensions of a Model},
  author = {Schwartz, G.},
  year = {1978},
  journal = {Annals of Statistics},
  volume = {6},
  number = {2},
  pages = {461--464}
}


@article{richey_evolution_2010,
  title = {The Evolution of {{Markov}} Chain {{Monte Carlo}} Methods},
  author = {Richey, Matthew},
  year = {2010},
  journal = {The American Mathematical Monthly},
  volume = {117},
  number = {5},
  pages = {383--413}
}


@article{beven_equifinality_2001,
  title = {Equifinality, Data Assimilation, and Uncertainty Estimation in Mechanistic Modelling of Complex Environmental Systems Using the {{GLUE}} Methodology},
  author = {Beven, Keith and Freer, Jim},
  year = {2001},
  month = aug,
  journal = {Journal of Hydrology},
  volume = {249},
  number = {1-4},
  pages = {11--29},
  issn = {0022-1694},
  doi = {10.1016/S0022-1694(01)00421-8}
}


author = {Sinay, Laura and Sinay, Leon},
year = {2006},
month = {01},
pages = {},
title = {A Simple Mathematical Model for the Effects of the Growth of Tourism on Environment}
}




@article{sinay_simple_2006,
  title = {A {{Simple Mathematical Model}} for the {{Effects}} of the {{Growth}} of {{Tourism}} on {{Environment}}},
  author = {Sinay, Laura and Sinay, Leon},
  year = {2006}
}


